%% This BibTeX bibliography file was created using BibDesk.
%% http://bibdesk.sourceforge.net/


%% Created for Francis wyffels at 2014-03-27 11:28:54 +0100 


%% Saved with string encoding Unicode (UTF-8) 



@inproceedings{Carbajal2011,
	Author = {Carbajal, J.P. and Assaf, D. and Benker, E.},
	Booktitle = {Proceedings of the 2nd International Conference on Robotics in Education},
	Date-Added = {2014-03-27 10:23:09 +0000},
	Date-Modified = {2014-03-27 10:28:25 +0000},
	Pages = {59--61},
	Title = {Promoting scientific thinking with robots},
	Year = {2011}}

@article{wyffels2010,
	Author = {wyffels, F. and Hermans, M. and Schrauwen, B.},
	Date-Added = {2014-03-27 10:17:35 +0000},
	Date-Modified = {2014-03-27 10:18:36 +0000},
	Journal = {AT\&P Journal Plus},
	Pages = {113--116},
	Title = {Building robots as a tool to motivate students into an engineering education},
	Year = {2010}}

@inproceedings{wyffels2011,
	Author = {wyffels, F. and Bruneel, K. and Kindermans, P.J. and D'Haene, M. and Woestyn, P. and Bertels, P. and Schrauwen, B.},
	Booktitle = {Proceedings of the 2nd international conference on robotics in education},
	Date-Added = {2014-03-27 10:14:57 +0000},
	Date-Modified = {2014-03-27 10:16:42 +0000},
	Pages = {47--51},
	Title = {Robot competitions trick students into learning},
	Year = {2011}}

@article{RuizDelSolar2004,
	Author = {Ruiz-del-Solar, J. and Avil\'es, R.},
	Date-Added = {2014-03-27 09:36:31 +0000},
	Date-Modified = {2014-03-27 09:38:17 +0000},
	Journal = {IEEE Transactions on Education},
	Title = {Robotics Courses for Children as a Motivation Tool: The Chilean Experience},
	Volume = {47},
	Year = {2004}}

@inproceedings{VanDyne2012,
	Author = {Van Dyne, M. and Fjermestad, J.},
	Booktitle = {Proceedings of the 12th WSEAS international conference on Robotics, Control and Manufacturing Technology},
	Date-Added = {2014-03-27 09:34:19 +0000},
	Date-Modified = {2014-03-27 09:35:48 +0000},
	Pages = {196--201},
	Title = {Robotics in Education: A Tool for Recruiting, Engaging, Retaining and Educating Students},
	Year = {2012}}

@article{Barak2009,
	Author = {Barak, M. and Zadok, Y.},
	Date-Added = {2014-03-27 09:31:02 +0000},
	Date-Modified = {2014-03-27 09:32:18 +0000},
	Journal = {International Journal of Technology and Design Education},
	Pages = {289--307},
	Title = {Robotics projects and learning concepts in science, technology and problem solving},
	Volume = {19},
	Year = {2009}}

@article{Bell2010,
	Author = {Bell, S.},
	Date-Added = {2014-03-27 09:29:47 +0000},
	Date-Modified = {2014-03-27 09:30:20 +0000},
	Journal = {The Clearing House},
	Title = {Project-Based Learning for the 21st Century: Skills for the Future},
	Volume = {83},
	Year = {2010}}

@article{Nugent2010,
	Author = {Nugent, G. and Barker, B. and Grandgenett, N. and Adamchuk, V.I.},
	Date-Added = {2014-03-27 09:26:44 +0000},
	Date-Modified = {2014-03-27 09:28:25 +0000},
	Journal = {Journal of Research on Technology in Education},
	Title = {Impact of Robotics and Geospatial Technology Interventions on Youth STEM Learning and Attitudes},
	Volume = {42},
	Year = {2010}}

@article{Karp2013,
	Author = {Karp, T. and Maloney, P.},
	Date-Added = {2014-03-27 09:24:38 +0000},
	Date-Modified = {2014-03-27 09:25:48 +0000},
	Journal = {American Journal of Engineering Education},
	Title = {Exciting Young Students In Grades K-8 About STEM Through An Afterschool Robotics Challenge},
	Volume = {4},
	Year = {2013}}

@article{Rogers2004,
	Author = {Rogers, C. and Portsmore, M.},
	Date-Added = {2014-03-27 09:22:04 +0000},
	Date-Modified = {2014-03-27 09:24:01 +0000},
	Journal = {Journal of STEM Education},
	Title = {Bringing Engineering to Elementary School},
	Volume = {5},
	Year = {2004},
	Bdsk-File-1 = {YnBsaXN0MDDUAQIDBAUGJCVYJHZlcnNpb25YJG9iamVjdHNZJGFyY2hpdmVyVCR0b3ASAAGGoKgHCBMUFRYaIVUkbnVsbNMJCgsMDxJXTlMua2V5c1pOUy5vYmplY3RzViRjbGFzc6INDoACgAOiEBGABIAFgAdccmVsYXRpdmVQYXRoWWFsaWFzRGF0YV8QG3JlZnMvMTEyNi0yNTk3LTEtUEIudHh0LnBkZtIXCxgZV05TLmRhdGFPEQHeAAAAAAHeAAIAAAxNYWNpbnRvc2ggSEQAAAAAAAAAAAAAAAAAAADOl7nTSCsAAABNoWYWMTEyNi0yNTk3LTEtUEIudHh0LnBkZgAAAAAAAAAAAAAAAAAAAAAAAAAAAAAAAAAAAAAAAAAAAAAAAAAAAAAAAE5E8c9ZqVYAAAAAAAAAAAABAAMAAAkgAAAAAAAAAAAAAAAAAAAABHJlZnMAEAAIAADOl6vDAAAAEQAIAADPWZtGAAAAAQAYAE2hZgBMN54ACPoHAAj4GwAI938AAmSOAAIAW01hY2ludG9zaCBIRDpVc2VyczoAZnd5ZmZlbHM6AERlc2t0b3A6AFNWTjoAQ0Vycm9ib3RpY3NfcGFwZXI6AHJlZnM6ADExMjYtMjU5Ny0xLVBCLnR4dC5wZGYAAA4ALgAWADEAMQAyADYALQAyADUAOQA3AC0AMQAtAFAAQgAuAHQAeAB0AC4AcABkAGYADwAaAAwATQBhAGMAaQBuAHQAbwBzAGgAIABIAEQAEgBIVXNlcnMvZnd5ZmZlbHMvRGVza3RvcC9TVk4vQ0Vycm9ib3RpY3NfcGFwZXIvcmVmcy8xMTI2LTI1OTctMS1QQi50eHQucGRmABMAAS8AABUAAgAP//8AAIAG0hscHR5aJGNsYXNzbmFtZVgkY2xhc3Nlc11OU011dGFibGVEYXRhox0fIFZOU0RhdGFYTlNPYmplY3TSGxwiI1xOU0RpY3Rpb25hcnmiIiBfEA9OU0tleWVkQXJjaGl2ZXLRJidUcm9vdIABAAgAEQAaACMALQAyADcAQABGAE0AVQBgAGcAagBsAG4AcQBzAHUAdwCEAI4ArACxALkCmwKdAqICrQK2AsQCyALPAtgC3QLqAu0C/wMCAwcAAAAAAAACAQAAAAAAAAAoAAAAAAAAAAAAAAAAAAADCQ==}}

@article{Alimisis2013,
	Author = {Alimisis, D.},
	Date-Added = {2014-03-27 09:20:00 +0000},
	Date-Modified = {2014-03-27 09:22:00 +0000},
	Journal = {Themes in Science \& Technology Education},
	Pages = {63--71},
	Title = {Educational robotics: Open questions and new challenges},
	Volume = {6},
	Year = {2013}}

@article{Benitti2012,
	Author = {Benitti, F.B.V.},
	Date-Added = {2014-03-27 09:18:40 +0000},
	Date-Modified = {2014-03-27 09:19:56 +0000},
	Journal = {Computers \& Education},
	Pages = {978--988},
	Title = {Exploring the educational potential of robotics in schools: A systematic review},
	Volume = {58},
	Year = {2012}}

@article{salta2012,
	Author = {Petrini, C.},
	Month = {June},
	Title = {El Instituto Balseiro ya tiene tonada Salte√±a},
	Journal = {El Tribuno},
	Url = {http://www.eltribuno.info/salta/Note.aspx?&Note=173124&origen=metarefresh&fb_source=message},
	Year = {2012}
}

@inbook{Eguchi2012,
	Author = {Eguchi, A. and Uribe, L.},
	Chapter = {Educational Robotics Meets Inquiry-Based Learning: Integrating Inquiry-Based Learning into Educational Robotics},
	Date-Added = {2014-03-24 09:41:27 +0000},
	Date-Modified = {2014-03-24 09:44:28 +0000},
	Editor = {Lennex, L. and Nettleton, K.F.},
	Publisher = {IGI Global},
	Title = {Cases on Inquiry through Instructional Technology in Math and Science},
	Year = {2012}}
